5312 6626
780 745 812 850 Γ
880 661 982 848 ι’θ’
1044 723 1110 848 R
1186 726 1248 848 A
1327 723 1394 846 T
1467 729 1496 852 I
1572 729 1645 852 O.
1895 769 1976 898 27

595 1054 779 1175 aeriis,
820 1045 949 1152 variis
979 1040 1173 1182 undique
1205 1005 1410 1150 sollicitor
1447 1045 1598 1178 curis3
1644 1042 1739 1150 srva
1765 1045 1972 1162 Vestram

596 1269 791 1408 spetiem
827 1259 1154 1378 autioritatem,
1185 1251 1279 1358 five
1300 1253 1548 1391 disciplinae
1565 1259 1854 1394 gravitatem,
1872 1259 1968 1374 five

593 1511 748 1584 meam
793 1472 1066 1574 tenuitatem.
1148 1463 1370 1602 Magnam
1403 1463 1653 1606 &semper
1686 1471 1874 1595 habuit,
1917 1473 1969 1584 ot

586 1688 819 1820 isodieque
846 1678 1003 1797 habet,
1044 1677 1230 1778 Senatus
1252 1669 1675 1782 Amsielodamensrs
1706 1681 1876 1790 virtutis
1908 1681 1970 1786 iit·

594 1895 872 2036 pientiaeque
902 1885 1097 1992 famam:
1132 1919 1279 2024 neque
1307 1918 1411 1990 eam
1434 1887 1667 1992 Foederati
1696 1891 1837 2030 Belgii
1867 1893 1968 1998 fini·
2067 2001 2071 2016 ,

591 2111 676 2218 bus
702 2101 943 2222 inclusam,
987 2124 1060 2198 aut
1087 2093 1296 2230 Europae
1329 2099 1526 2199 terminis
1559 2099 1964 2237 circumscriptam,

591 2316 666 2422 kd
694 2325 774 2451 p'er
797 2341 945 2414 totum
973 2334 1187 2406 terrarum
1218 2303 1376 2406 orbem
1396 2306 1532 2444 longe
1553 2308 1728 2447 iateque
1751 2307 1967 2421 diffusam.
2024 2450 2028 2458 ι

590 2529 775 2657 Quare,
810 2519 974 2625 Patriae
1008 2516 1181 2635 Patres,
1216 2513 1250 2616 st
1281 2548 1588 2660 quamcunque
1609 2523 1740 2626 aliam
1763 2523 1871 2628 mihi
1888 2527 1965 2629 de·

590 2733 869 2841 mandassetis
906 2727 1215 2866 provinciam,
1260 2726 1448 2832 debebat
1474 2767 1527 2836 ea
1557 2733 1668 2886 mihi
1702 2736 1847 2871 gravu
1874 2734 1966 2836 san·

591 2952 749 3084 Ciaque
769 2939 874 3056 esse
901 2935 1046 3042 Vestri
1077 2935 1231 3072 judicii
1247 2940 1514 3042 auctoritate.
1583 2939 1717 3044 Nunc
1748 2944 1857 3048 mihi
1879 2944 1961 3046 dis·

592 3157 800 3294 ciplinam
840 3145 1066 3253 tradidistis
1113 3145 1450 3284 Philosophiae,
1493 3185 1607 3288 quae
1653 3179 1720 3254 est
1771 3154 1964 3258 ueritatis

590 3353 847 3503 virtutisque
882 3356 1111 3500 magistra,
1145 3359 1189 3460 in
1222 3359 1343 3492 cujus
1368 3362 1664 3467 sanititate&
1699 3364 1964 3504 magnitudi·

595 3611 655 3680 ue
706 3568 1048 3676 commentanda
1105 3567 1217 3666 hauc
1266 3568 1400 3701 ipsam
1437 3569 1594 3671 horam
1632 3569 1965 3682 confirmsrmus.

594 3784 817 3924 Equidem
844 3813 950 3882 cum
975 3813 1068 3880 non
1098 3779 1264 3916 possam
1294 3780 1436 3886 officii
1467 3783 1558 3882 mei
1590 3783 1880 3922 religionem,
1915 3811 1963 3888 ut

591 3999 743 4100 animo
766 3992 983 4130 percipio,
1017 3993 1076 4092 ita
1109 3996 1309 4098 oratione
1328 3993 1470 4094 Vobis
1492 3995 1728 4132 explicare,
1763 4023 1965 4098 mentem

594 4235 744 4310 meam
775 4205 841 4304 his
873 4204 1019 4338 paucis
1046 4205 1190 4306 verbis
1220 4206 1505 4341 complectar:
1541 4209 1607 4308 lta
1629 4206 1766 4328 mihi,
1800 4205 1963 4307 adhoc

592 4451 754 4528 munus
821 4411 1077 4516 obeundum
1132 4418 1247 4516 vires
1306 4418 1504 4554 largiatur
1564 4415 1692 4520 Deus
1750 4414 1963 4556 Optimus

594 4629 845 4752 Maximus,
878 4653 927 4726 ut
955 4659 1062 4734 eum
1094 4627 1223 4730 etrite
1252 4663 1358 4751 oro,
1393 4629 1498 4732 velit
1528 4631 1653 4756 Vos,
1686 4629 1856 4736 Patriae
1885 4630 1962 4732 Pa·

1264 4841 1315 4945 D
1347 4867 1376 4947 2
1853 4865 1963 4968 tres,
