5312 6626
884 723 1083 875 O'fR
1159 751 1223 872 A
1302 753 1472 876 TI
1549 752 1619 877 Ο.
1859 798 1934 889 21

560 1071 712 1179 multis
743 1071 876 1174 iebus
908 1097 1098 1204 tyranno
1126 1099 1310 1206 operam
1337 1067 1543 1205 praestitit
1555 1101 1578 1194 ·,
1623 1073 1673 1176 dc
1710 1027 1934 1183 historiam

559 1280 954 1418 ejttssconlcriplit,'
984 1315 1069 1420 qua
1099 1313 1289 1382 ornnem
1320 1281 1457 1384 abeo
1495 1283 1758 1385 crudelitatis
1790 1286 1933 1422 super·

555 1493 741 1630 biaeque
770 1489 916 1592 labem
948 1489 1240 1628 abstergeret,
1275 1519 1428 1594 contra
1464 1493 1636 1596 laudern
1661 1495 1704 1594 ei
1728 1496 1930 1601 humani·

552 1703 650 1802 tat'n
686 1699 1038 1838 clementiaeque
1071 1699 1259 1804 adderet.
1328 1703 1392 1800 Et
1419 1679 1573 1802 tannen
1599 1695 1925 1834 Thucydidem

366 1923 372 1932 '
549 1910 798 2014 imitabatur
816 1908 1013 2013 Philistus
1029 1907 1294 2018 ?Nitnirum
1309 1909 1453 2010 verbis
1473 1909 1523 2012 dc
1546 1911 1769 2034 oratione,
1783 1949 1923 2052 quan·

333 2080 337 2086 ⁸
547 2119 788 2258 doquidern
816 2118 1004 2222 hnstbus
1032 2120 1290 2266 &consilio
1324 2119 1472 2218 similis
1508 2122 1550 2218 ei
1581 2117 1679 2217 fieri
1711 2157 1804 2222 non
1838 2157 1921 2260 po·

543 2355 668 2430 terat.
753 2328 878 2454 Quid
913 2329 1044 2463 igitur
1072 2330 1187 2432 inter
1214 2357 1450 2462 utrumque
1488 2324 1735 2434 interfuit?
1780 2329 1918 2458 Hoc,

538 2535 766 2678 profedu,
798 2565 848 2639 ut
878 2535 1169 2670 Thucydides
1194 2539 1305 2640 esset
1326 2571 1471 2638 return
1492 2535 1714 2678 gestarum
1743 2575 1915 2648 enarra·

538 2776 616 2848 tor·
630 2781 785 2864 verus,
818 2749 992 2882 gravis,
1027 2749 1245 2882 prudens,
1280 2745 1566 2883 magnificus,
1599 2749 1804 2852 libertatis
1824 2749 1913 2854 llu-

535 2951 700 3058 diosus:
735 2951 934 3056 Philistus
953 2957 1148 3056 veritatis
1170 2955 1443 3077 obscuratur,
1467 2951 1713 3056 fabularum
1732 2957 1910 3092 opifex,

532 3159 682 3286 vafer,
719 3193 922 3302 argutus,
955 3163 1068 3268 luud
1093 3163 1316 3298 inelegans
1342 3165 1523 3302 quidem
1556 3164 1652 3284 ille,
1689 3163 1761 3276 fiad
1786 3169 1908 3276 idenn

530 3377 668 3477 animi
695 3377 830 3498 vilis,
871 3371 1076 3476 fortunae
1110 3399 1341 3508 captator,
1375 3403 1664 3503 tyrannuturn
1700 3376 1904 3485 adulator.

528 3583 671 3722 Igitur
680 3550 852 3720 ,quum
874 3609 1022 3738 natura
1053 3579 1102 3684 ὅτ
1132 3583 1315 3718 ingenio
1334 3579 1608 3712 Thucydidis
1637 3585 1902 3721 magnitudi-

524 3791 635 3894 net'h
663 3789 829 3926 assequi
857 3825 951 3892 non
982 3786 1151 3926 posset,
1187 3817 1279 3890 arte
1313 3790 1364 3895 δι
1394 3785 1632 3926 praestigiis
1653 3793 1898 3920 nitebatur,

522 3999 899 4130 acThucydldeis
923 4000 1066 4100 verbis
1084 3999 1429 4138 didionibusque
1459 3997 1504 4098 se
1528 3999 1645 4136 quali
1667 4002 1896 4110 vestiebar.
1939 4095 1943 4106 .

520 4213 657 4338 Quae
682 4208 865 4347 quidem
885 4205 1108 4310 verusuna
1136 4236 1203 4308 est
1229 4207 1387 4310 caussa
1410 4243 1487 4310 cur
1503 4242 1608 4310 eunt
1623 4213 1784 4314 Cicero
1812 4249 1892 4351 pu·

520 4421 662 4524 fillum
686 4415 1003 4550 Thucydidem
1040 4419 1278 4520 vocaverit.
1354 4421 1509 4557 Atque
1537 4418 1625 4520 hoc
1655 4423 1892 4557 exemplo,

520 4625 845 4764 Vos,·Juucne·s
853 4629 1286 4768 Commilitunesque
1308 4627 1545 4734 htavisfirni
1560 4701 1576 4752 ,
1592 4629 1760 4734 discatis
1783 4631 1890 4772 quid

1044 4865 1058 4886 “
1215 4839 1260 4941 C
1295 4869 1324 4965 3
1830 4839 1886 4946 srr
