5312 6626
725 739 803 890 30n
938 721 1014 844 D.
1075 703 1881 847 WYTTE'NB’ACH

721 1043 863 1152 caussa
889 1041 1084 1177 Majores
1096 1036 1244 1143 Vestri
1273 1040 1383 1142 hanc
1400 1039 1608 1146 Scholam
1629 1041 1971 1150 constituerunt:
2005 1035 2101 1152 Ve-

727 1255 865 1364 strum
885 1255 1026 1359 caussa
1037 1247 1203 1355 Patriae
1220 1253 1368 1355 Patres
1385 1253 1468 1358 hos
1488 1257 1633 1382 viros,
1652 1256 1792 1358 clatos
1809 1255 1997 1360 inomni
2018 1259 2104 1363 dis·-

725 1473 983 1606 c'ipliriarum
996 1469 1399 1605 generedodlores,
1420 1470 1585 1572 ineam
1599 1488 1870 1568 evocarunt:
1891 1467 2107 1576 Vestrum

728 1650 871 1783 causis
897 1671 1199 1810 Philosophiae
1218 1676 1488 1811 disciplinam
1507 1679 1552 1778 in
1572 1709 1624 1774 ea
1643 1661 1941 1776 instaurarunt.
1974 1665 2109 1809 Qua-⁴

728 1929 776 1994 re
809 1925 914 1992 curn
951 1889 1101 1989 omnia
1132 1887 1274 1988 Vobis
1304 1885 1474 2022 praello
1503 1889 1584 1990 srnt
1621 1886 1674 1988 ad
1716 1886 1957 1990 dodirinam
1988 1890 2108 2026 adju·

730 2131 915 2220 menta,
947 2097 1109 2214 facite,
1141 2131 1219 2228 per
1243 2099 1397 2195 Deum
1430 2097 1761 2198 immortalem!
1809 2133 1868 2200 ne
1898 2103 1996 2202 Vos
2028 2101 2112 2238 ipsr

728 2311 872 2414 Vobis
894 2305 1077 2438 defuisse
1097 2305 1353 2409 videamini.
1400 2304 1566 2440 Magna
1589 2306 1737 2410 Vobis
1754 2308 1946 2440 Majores
1959 2309 2108 2413 Vestri
2211 2373 2213 2380 ι

733 2483 995 2659 reliquerunt
1046 2517 1213 2656 gloriae
1263 2490 1449 2656 pignora
1476 2493 1495 2637 ‚⁸
1552 2550 1668 2652 quae
1721 2519 1908 2656 prodere
1959 2555 2107 2661 neque

730 2734 843 2832 tueri
871 2729 1023 2863 posse,
1057 2728 1352 2862 turpissrmum
1366 2726 1509 2829 Vobis
1534 2726 1696 2830 ducite.
1762 2728 1974 2862 Cogitate
1998 2764 2110 2868 quo·

616 2933 619 2940 ¹
737 2941 841 3043 lidie
860 2941 958 3040 Vos
985 2935 1076 3037 esse
1099 2937 1317 3057 Batavos,
1352 2937 1400 3036 id
1420 2966 1519 3058 est,
1540 2955 1595 3034 eir
1622 2970 1675 3036 ea
1695 2911 1860 3071 gente,
1883 2971 1995 3074 quae
2023 2939 2111 3044 fin·

739 3129 880 3290 'gulari
900 3147 1071 3283 semper
1088 3182 1194 3283 prae
1225 3148 1381 3245 ceteris
1409 3147 1617 3278 gentibus
1650 3146 1775 3246 laude
1806 3145 1952 3248 floruit
1977 3145 2107 3272 fidei,

739 3359 986 3505 gravitatis,
1018 3354 1314 3457 constantiae:
1339 3390 1450 3490 quae
1471 3317 1610 3490 gens,
1645 3385 1692 3454 ut
1715 3355 1925 3458 servitutis
1945 3360 2110 3498 jugum

739 3565 957 3690 excussat,
993 3571 1046 3674 ita
1081 3566 1209 3670 simul
1240 3599 1345 3665 cum
1375 3565 1572 3664 libertate
1605 3561 1793 3665 lludium
1821 3563 2110 3672 dodirinatum

738 3741 1050 3916 literarumque
1085 3776 1289 3895 induxit,
1335 3809 1577 3912 earumque
1607 3773 1884 3879 domicilium
1912 3779 2029 3915 quasa
2064 3782 2114 3886 in

742 3993 839 4094 finu
872 3995 949 4091 stro
973 3987 1218 4088 collocavit.
1287 3982 1432 4086 Vellri
1461 4013 1558 4084 tum
1577 3983 1767 4116 Majores
1785 3989 1997 4123 quantum
2018 3989 2110 4092 bel·

745 4161 827 4302 lica
856 4203 1016 4300 virtute
1048 4227 1214 4298 tantum
1248 4197 1434 4332 ingeniis
1463 4193 1741 4295 &doctrinis
1773 4193 2111 4321 florebant‚-&

750 4411 879 4510 vicini
907 4443 1008 4542 prae
1046 4409 1095 4508 iis
1124 4407 1273 4542 populi
1303 4407 1398 4510 fere
1432 4405 1594 4508 barbati
1626 4405 1896 4512 videbantur.
1975 4411 2111 4512 Nunc

746 4616 881 4722 iidem
913 4615 1061 4780 populi
1091 4617 1203 4720 hanc
1233 4620 1360 4723 nobis
1388 4619 1681 4724 dominarum
1700 4619 1904 4748 laudem,
1930 4651 1990 4726 ne
2012 4645 2112 4760 gra·

2012 4821 2110 4927 vius
