5312 6626
707 791 787 885 22
921 751 998 874 D.
1037 737 1848 874 'WYTTENBACH

703 1071 761 1180 sn
802 1066 1030 1204 Antiquos
1071 1060 1265 1192 imitari3
1321 1090 1470 1199 neque
1501 1059 1645 1166 Vobis
1697 1063 1835 1199 pulcri
1875 1065 2080 1207 beatiqud
2180 1073 2188 1092 '

704 1281 973 1401 videamini,
996 1307 1136 1415 quum
1158 1272 1410 1377 orationem
1430 1267 1637 1380 Vestram
1661 1271 1922 1379 didiionibus
1955 1281 2082 1384 colo·

708 1499 942 1628 ribusque,
961 1488 1084 1590 verbi
1102 1486 1275 1609 caussa,
1291 1485 1591 1589 Ciceronianis
1608 1486 1878 1590 omaveritis.
1911 1486 2083 1596 Nomii

706 1699 909 1804 Philistus
944 1694 1300 1825 Thucydidem,
1350 1691 1552 1796 Graecus
1590 1693 1855 1819 Graecum,
1890 1699 2082 1836 aequalis

706 1916 802 2014 fere
834 1909 1088 2046 aequalem,
1114 1901 1325 2008 scribendi
1356 1906 1517 2008 virtute
1559 1921 1745 2045 aequare
1781 1943 1876 2010 non
1907 1911 2052 2045 potuit
2063 1923 2082 2039 ξ
2288 1929 2294 1946 ’

708 2131 942 2262 quomodo
969 2153 1086 2235 nos,
1133 2142 1201 2214 tot
1230 2118 1418 2217 millium
1447 2150 1666 2218 annorum
1698 2117 1960 2241 intervallo,
2001 2119 2083 2226 aiio

704 2360 868 2473 gente,
902 2329 981 2428 alia
1010 2323 1158 2459 lingua
1185 2324 1313 2445 nati,
1341 2308 1550 2426 ¹heroidas
1579 2323 1668 2424 ilias
1693 2327 1998 2461 Antiquomm
2032 2333 2081 2436 in

704 2541 894 2647 dicendo
923 2532 1236 2672 scribendoque
1260 2535 1406 2638 laudes
1435 2533 1798 2676 consequamur?
1840 2533 1893 2643 In
1916 2542 2083 2649 muntia

704 2755 1008 2857 summitatem
1038 2745 1184 2847 veloci
1216 2747 1352 2883 gradu
1380 2741 1558 2847 enititur
1591 2745 1767 2885 vigenti
1810 2745 2083 2886 robustoque

644 3025 646 3030 -
703 2961 891 3098 corporo
918 2961 1011 3058 vir:
1045 2953 1166 3055 hunc
1195 2950 1227 3058 st
1259 2949 1379 3052 fraudi
1411 2955 1694 3091 enervatique
1718 2983 1915 3088 corporis
1935 2953 2084 3062 homo

703 3167 861 3276 rmum
893 3168 942 3270 a
974 3163 1141 3302 assequi
1170 3159 1366 3284 natea,
1400 3165 1445 3264 n
1474 3155 1569 3300 apso
1601 3189 1763 3266 enam
1792 3115 1996 3291 aeneia,
2029 3169 2082 3274 ar

704 3383 836 3488 risum
874 3377 1081 3514 praebeat
1124 3369 1421 3504 spediantibus.
1523 3377 1591 3479 Ita
1642 3405 1772 3509 parua
1817 3373 2082 3513 humilisque

704 3609 832 3696 r'nens
863 3619 967 3690 eam
993 3579 1208 3686 orationis
1226 3577 1560 3703 sublimitatem,
1596 3583 1651 3685 ad
1682 3614 1817 3718 quam
1848 3583 2083 3688 heroicum

703 3795 891 3936 adfingit
950 3798 1218 3934 ingenium,
1274 3824 1333 3891 ne
1383 3791 1596 3929 inteiligat
1646 3796 1863 3930 quidem,
1912 3793 2079 3899 nedum

703 4008 1003 4146 consequatur.
1083 4003 1210 4123 Nos,
1246 4003 1454 4139 quamdiu
1497 3999 1827 4140 Eloquentiam
1849 4005 1896 4106 in
1928 4005 2081 4108 verbis.

701 4221 889 4359 posnam
931 4213 1224 4350 putabimus,
1269 4213 1479 4350 quamdiu
1518 4246 1625 4313 cum
1671 4215 1817 4316 verbis
1857 4219 2077 4318 Veterum

704 4463 793 4533 non
829 4427 1016 4530 eandem
1056 4453 1186 4561 atque
1229 4423 1286 4522 ilii
1333 4425 1428 4524 vim
1469 4423 1818 4560 adjunxerimus,
1867 4429 2078 4566 quamdiu

702 4679 783 4744 nos
816 4637 894 4774 ipsr
927 4671 1019 4742 non
1057 4633 1156 4773 ipsrs
1178 4637 1397 4739 Veterum
1425 4635 1657 4774 disciplinis
1684 4640 1739 4742 ad
1769 4637 1883 4742 hanc
1913 4639 2074 4745 oratio·

2008 4851 2077 4957 nis
