5312 6626
794 737 1926 910 ‚ORAT10.‚23

546 1061 616 1194 pis
638 1057 926 1196 finitumque
953 1051 1306 1188 nugnitudinem
1332 1050 1790 1191 oonfotmevetimus,
1808 1087 1926 1168 tem·

543 1273 760 1378 diuvena
788 1271 873 1372 erit
898 1301 1033 1406 opem
1055 1262 1226 1386 nolite,
1260 1264 1398 1366 inanis¹
1421 1263 1659 1400 diligentia.
1699 1268 1922 1408 Aperim.

540 1482 623 1588 tltu
647 1509 722 1594 ¹nst
751 1477 1052 1614 Philosophiae
1079 1475 1215 1597 fons,
1261 1510 1319 1578 ex
1349 1509 1441 1611 quo
1477 1475 1607 1580 unice
1639 1479 1826 1584 Veteres
1857 1484 1926 1586 di·

308 1785 313 1792 .
542 1692 670 1794 cendi
698 1692 794 1792 vim
825 1685 1086 1800 hauserunt:
1121 1721 1178 1788 ex
1200 1685 1364 1788 eodem
1386 1685 1435 1786 δι
1457 1715 1539 1784 nos
1565 1713 1738 1792 mentes
1757 1689 1921 1796 nollres

538 1901 647 2004 cutu'
682 1933 815 2003 teme
850 1896 1143 2036 pulcritudinis
1183 1897 1356 1998 scientia
1402 1893 1679 2028 repleamus,
1731 1928 1830 2004 tum
1864 1904 1921 2004 ad

537 2145 688 2216 retum
717 2109 985 2214 excelsarum
1010 2108 1233 2208 rationem
1259 2103 1539 2241 studiumque
1564 2139 1788 2212 acuemus.

550 2403 556 2412 .
601 2319 693 2422 Sed
728 2309 880 2422 erdlius
911 2318 1044 2418 etiem
1064 2387 1082 2437 ,
1105 2317 1256 2448 judice
1286 2312 1555 2435 Aristotele,
1586 2345 1693 2418 cum
1722 2315 1917 2423 Philolb-

534 2527 640 2664 pltie
661 2527 887 2631 vinculum
906 2526 970 2629 est
998 2522 1187 2630 Podseos
1205 2557 1340 2664 quem
1358 2519 1488 2660 ipsius
1510 2517 1745 2632 Historiae.
1780 2527 1918 2632 Haec

532 2739 699 2874 quippe
723 2739 768 2840 in
797 2737 922 2856 sabbis
955 2738 1006 2842 δι
1043 2741 1173 2842 rebus
1203 2731 1487 2876 fingulstibus
1517 2735 1733 2840 versetur:
1768 2739 1835 2840 ille
1869 2742 1916 2842 in

531 2943 864 3067 universalibus,
911 2981 1072 3085 easque
1101 2973 1279 3048 revocet
1313 2940 1367 3048 ed
1398 2973 1634 3076 corpotess
1660 2944 1915 3084 imagines,

380 3255 386 3270 ,
531 3151 788 3260 &sensibus
809 3143 928 3292 quest
950 3153 1131 3290 fitbjicit.
1158 3271 1164 3284 ,
1200 3153 1314 3280 Quo
1341 3150 1483 3288 magis
1505 3149 1821 3260 elaborandum
1844 3181 1927 3278 est¹

526 3361 717 3487 tostae,
750 3393 801 3468 ut
831 3364 1018 3502 dignum
1047 3367 1091 3468 st
1120 3359 1418 3498 Philosophiae
1438 3359 1623 3499 preellet
1647 3363 1915 3494 alumnum,

527 3605 632 3678 eum
658 3576 830 3677 tatione
851 3573 900 3678 dt
922 3577 1127 3713 ingenio,
1158 3599 1258 3674 tum
1286 3570 1464 3693 enimo,
1497 3567 1618 3692 fine,
1651 3599 1781 3710 etque
1800 3557 1911 3680 eon·
2001 3705 2004 3714 Ι

525 3781 634 3887 lilio.
711 3781 891 3884 Pidlotis
917 3785 1091 3926 egregii
1126 3781 1305 3884 liudem
1330 3780 1448 3882 haud
1480 3782 1691 3918 equidem
1718 3781 1909 3906 tribuum
2063 3841 2069 3850 ·

528 3991 857 4128 Chaerepltuni,
881 3996 956 4134 qui
977 3995 1177 4098 lasciviae
1197 3990 1513 4128 libidinumque
1537 3991 1809 4129 imaginibus
1825 3995 1905 4100 de·

524 4203 680 4304 lettere
704 4236 780 4306 me
803 4203 932 4307 velit:
966 4203 1189 4308 Penaeum
1210 4203 1357 4339 potius
1376 4200 1678 4326 celebremus,
1709 4205 1787 4342 qui
1805 4203 1905 4310 Mo·

524 4413 767 4518 tubuniem
795 4413 923 4520 nobis
968 4447 1166 4557 pugnam
1199 4412 1433 4535 ostendet,
1475 4411 1629 4514 oculos
1669 4414 1906 4554 vultuque

524 4624 724 4730 ‘uicensos
763 4623 966 4736 Miltiadis
992 4626 1253 4768 pugnantis,
1285 4621 1640 4750 declinasti,
1662 4626 1903 4764 Cynegiri·

1786 4867 1903 4973 ΨΒ»
