<?xml version="1.0" encoding="UTF-8"?>
<!DOCTYPE html PUBLIC "-//W3C//DTD XHTML 1.0 Transitional//EN"
    "http://www.w3.org/TR/xhtml1/DTD/xhtml1-transitional.dtd">
<html xmlns="http://www.w3.org/1999/xhtml" xml:lang="en" lang="en">
 <head>
  <title>
</title>
<meta http-equiv="Content-Type" content="text/html;charset=utf-8" />
  <meta name='ocr-system' content='tesseract 3.04.00' />
  <meta name='ocr-capabilities' content='ocr_page ocr_carea ocr_par ocr_line ocrx_word'/>
</head>
<body>
  <div class='ocr_page' id='page_1' title='image "./danieliswyttenb00wyttgoog_0015.png"; bbox 0 0 5312 6626; ppageno 0'>
   <div class='ocr_carea' id='block_1_1' title="bbox 708 718 1851 901">
    <p class='ocr_par' dir='ltr' id='par_1_1' title="bbox 708 718 1851 901">
     <span class='ocr_line' id='line_1_1' title="bbox 708 718 1851 901; baseline -0.01 -45"><span class='ocrx_word' id='word_1_1' title='bbox 708 771 749 901; x_wconf 84' lang='lat'>4</span> <span class='ocrx_word' id='word_1_2' title='bbox 906 734 983 858; x_wconf 87' lang='lat' dir='ltr'><strong>u.</strong></span> <span class='ocrx_word' id='word_1_3' title='bbox 1047 718 1851 855; x_wconf 75' lang='lat' dir='ltr'><strong>Waaaunnacn.</strong></span> 
     </span>
    </p>
   </div>
   <div class='ocr_carea' id='block_1_2' title="bbox 659 1037 2109 4748">
    <p class='ocr_par' dir='ltr' id='par_1_2' title="bbox 659 1037 2109 4748">
     <span class='ocr_line' id='line_1_2' title="bbox 703 1037 2093 1182; baseline -0.001 -27"><span class='ocrx_word' id='word_1_4' title='bbox 703 1079 753 1155; x_wconf 89' lang='lat' dir='ltr'><strong>ut</strong></span> <span class='ocrx_word' id='word_1_5' title='bbox 781 1053 853 1154; x_wconf 89' lang='lat' dir='ltr'><strong>ille</strong></span> <span class='ocrx_word' id='word_1_6' title='bbox 894 1079 1042 1155; x_wconf 86' lang='lat' dir='ltr'><strong>motus</strong></span> <span class='ocrx_word' id='word_1_7' title='bbox 1076 1043 1262 1149; x_wconf 85' lang='lat' dir='ltr'><strong>laetitiae</strong></span> <span class='ocrx_word' id='word_1_8' title='bbox 1300 1042 1508 1182; x_wconf 89' lang='lat' dir='ltr'><strong>paulatim</strong></span> <span class='ocrx_word' id='word_1_9' title='bbox 1545 1037 1735 1166; x_wconf 81' lang='lat' dir='ltr'><strong>resedit,</strong></span> <span class='ocrx_word' id='word_1_10' title='bbox 1779 1044 1837 1147; x_wconf 91' lang='lat' dir='ltr'><strong>ita</strong></span> <span class='ocrx_word' id='word_1_11' title='bbox 1853 1042 2093 1180; x_wconf 86' lang='lat' dir='ltr'><strong>paulatim</strong></span> 
     </span>
     <span class='ocr_line' id='line_1_3' title="bbox 701 1251 2071 1395; baseline 0.001 -31"><span class='ocrx_word' id='word_1_12' title='bbox 701 1264 899 1364; x_wconf 88' lang='lat' dir='ltr'><strong>animum</strong></span> <span class='ocrx_word' id='word_1_13' title='bbox 932 1296 1087 1365; x_wconf 89' lang='lat' dir='ltr'><strong>meum</strong></span> <span class='ocrx_word' id='word_1_14' title='bbox 1121 1261 1255 1359; x_wconf 91' lang='lat' dir='ltr'><strong>tacito</strong></span> <span class='ocrx_word' id='word_1_15' title='bbox 1295 1252 1486 1395; x_wconf 89' lang='lat' dir='ltr'><strong>quodam</strong></span> <span class='ocrx_word' id='word_1_16' title='bbox 1523 1255 1687 1355; x_wconf 89' lang='lat' dir='ltr'><strong>timore</strong></span> <span class='ocrx_word' id='word_1_17' title='bbox 1713 1251 1934 1355; x_wconf 86' lang='lat' dir='ltr'><strong>sollicitari</strong></span> <span class='ocrx_word' id='word_1_18' title='bbox 1950 1257 2071 1365; x_wconf 86' lang='lat' dir='ltr'><strong>sensi.</strong></span> 
     </span>
     <span class='ocr_line' id='line_1_4' title="bbox 696 1463 2109 1606; baseline -0.001 -32"><span class='ocrx_word' id='word_1_19' title='bbox 696 1471 794 1606; x_wconf 85' lang='lat' dir='ltr'><strong>lpse</strong></span> <span class='ocrx_word' id='word_1_20' title='bbox 814 1505 890 1572; x_wconf 87' lang='lat' dir='ltr'><strong>me</strong></span> <span class='ocrx_word' id='word_1_21' title='bbox 909 1499 1007 1574; x_wconf 90' lang='lat' dir='ltr'><strong>tum</strong></span> <span class='ocrx_word' id='word_1_22' title='bbox 1029 1466 1371 1605; x_wconf 83' lang='lat' dir='ltr'><strong>reprehendere,</strong></span> <span class='ocrx_word' id='word_1_23' title='bbox 1391 1464 1441 1568; x_wconf 73' lang='grc' dir='ltr'><strong>δι</strong></span> <span class='ocrx_word' id='word_1_24' title='bbox 1462 1498 1669 1588; x_wconf 88' lang='lat' dir='ltr'><strong>mecum,</strong></span> <span class='ocrx_word' id='word_1_25' title='bbox 1690 1463 1807 1605; x_wconf 86' lang='lat' dir='ltr'><strong>quah</strong></span> <span class='ocrx_word' id='word_1_26' title='bbox 1829 1469 2068 1596; x_wconf 88' lang='lat' dir='ltr'><strong>cum-alio,</strong></span> <span class='ocrx_word' id='word_1_27' title='bbox 2105 1530 2109 1540; x_wconf 93' lang='lat'>·</span> 
     </span>
     <span class='ocr_line' id='line_1_5' title="bbox 694 1645 2067 1818; baseline -0.003 -36"><span class='ocrx_word' id='word_1_28' title='bbox 694 1681 885 1818; x_wconf 88' lang='lat' dir='ltr'>colloqui</span> <span class='ocrx_word' id='word_1_29' title='bbox 910 1681 1054 1815; x_wconf 91' lang='lat' dir='ltr'><strong>coepi.</strong></span> <span class='ocrx_word' id='word_1_30' title='bbox 1123 1673 1283 1802; x_wconf 86' lang='lat' dir='ltr'><strong>Quid,</strong></span> <span class='ocrx_word' id='word_1_31' title='bbox 1313 1645 1519 1809; x_wconf 88' lang='lat' dir='ltr'><strong>inquam,</strong></span> <span class='ocrx_word' id='word_1_32' title='bbox 1543 1669 1708 1807; x_wconf 84' lang='lat' dir='ltr'><strong>egisti?</strong></span> <span class='ocrx_word' id='word_1_33' title='bbox 1751 1677 1863 1803; x_wconf 91' lang='lat' dir='ltr'><strong>Quo</strong></span> <span class='ocrx_word' id='word_1_34' title='bbox 1890 1709 2067 1811; x_wconf 82' lang='lat' dir='ltr'><strong>prooes-</strong></span> 
     </span>
     <span class='ocr_line' id='line_1_6' title="bbox 691 1872 2065 2024; baseline 0.004 -34"><span class='ocrx_word' id='word_1_35' title='bbox 691 1886 781 1990; x_wconf 89' lang='lat' dir='ltr'><strong>srsti</strong></span> <span class='ocrx_word' id='word_1_36' title='bbox 800 1872 831 1996; x_wconf 82' lang='lat'><strong>¹‘?</strong></span> <span class='ocrx_word' id='word_1_37' title='bbox 875 1886 1106 1990; x_wconf 84' lang='lat' dir='ltr'><strong>Nimirum</strong></span> <span class='ocrx_word' id='word_1_38' title='bbox 1147 1884 1380 2022; x_wconf 84' lang='lat' dir='ltr'><strong>occupabis</strong></span> <span class='ocrx_word' id='word_1_39' title='bbox 1414 1915 1520 1984; x_wconf 91' lang='lat' dir='ltr'><strong>eutn</strong></span> <span class='ocrx_word' id='word_1_40' title='bbox 1551 1876 1739 2007; x_wconf 85' lang='lat' dir='ltr'><strong>locum,</strong></span> <span class='ocrx_word' id='word_1_41' title='bbox 1767 1921 1932 2024; x_wconf 90' lang='lat' dir='ltr'><strong>quem,</strong></span> <span class='ocrx_word' id='word_1_42' title='bbox 1961 1921 2065 1996; x_wconf 85' lang='lat' dir='ltr'><strong>ante</strong></span> 
     </span>
     <span class='ocr_line' id='line_1_7' title="bbox 690 2093 2069 2232; baseline 0.001 -32"><span class='ocrx_word' id='word_1_43' title='bbox 690 2101 855 2200; x_wconf 87' lang='lat' dir='ltr'><strong>multos</strong></span> <span class='ocrx_word' id='word_1_44' title='bbox 906 2096 1088 2232; x_wconf 90' lang='lat' dir='ltr'><strong>quidem</strong></span> <span class='ocrx_word' id='word_1_45' title='bbox 1139 2127 1317 2207; x_wconf 83' lang='lat' dir='ltr'><strong>annos,</strong></span> <span class='ocrx_word' id='word_1_46' title='bbox 1367 2093 1570 2222; x_wconf 88' lang='lat' dir='ltr'><strong>proxime</strong></span> <span class='ocrx_word' id='word_1_47' title='bbox 1621 2119 1808 2212; x_wconf 87' lang='lat' dir='ltr'><strong>tamen,</strong></span> <span class='ocrx_word' id='word_1_48' title='bbox 1854 2097 2069 2210; x_wconf 77' lang='lat' dir='ltr'><strong>‘liberius¹</strong></span> 
     </span>
     <span class='ocr_line' id='line_1_8' title="bbox 687 2295 2061 2443; baseline 0.001 -34"><span class='ocrx_word' id='word_1_49' title='bbox 687 2302 1045 2409; x_wconf 85' lang='lat' dir='ltr'><strong>Hemslerhufius</strong></span> <span class='ocrx_word' id='word_1_50' title='bbox 1072 2301 1226 2402; x_wconf 90' lang='lat' dir='ltr'><strong>tenuit.</strong></span> <span class='ocrx_word' id='word_1_51' title='bbox 1271 2296 1419 2433; x_wconf 84' lang='lat' dir='ltr'><strong>Eique</strong></span> <span class='ocrx_word' id='word_1_52' title='bbox 1453 2323 1502 2396; x_wconf 90' lang='lat' dir='ltr'><strong>tu</strong></span> <span class='ocrx_word' id='word_1_53' title='bbox 1525 2295 1623 2398; x_wconf 89' lang='lat' dir='ltr'><strong>viro</strong></span> <span class='ocrx_word' id='word_1_54' title='bbox 1657 2296 1885 2424; x_wconf 85' lang='lat' dir='ltr'><strong>succedes,</strong></span> <span class='ocrx_word' id='word_1_55' title='bbox 1920 2340 2061 2443; x_wconf 85' lang='lat' dir='ltr'><strong>quem</strong></span> 
     </span>
     <span class='ocr_line' id='line_1_9' title="bbox 682 2507 2068 2648; baseline 0.007 -34"><span class='ocrx_word' id='word_1_56' title='bbox 682 2512 854 2616; x_wconf 88' lang='lat' dir='ltr'><strong>summa</strong></span> <span class='ocrx_word' id='word_1_57' title='bbox 887 2515 1054 2648; x_wconf 91' lang='lat' dir='ltr'><strong>ingenii</strong></span> <span class='ocrx_word' id='word_1_58' title='bbox 1087 2509 1394 2642; x_wconf 77' lang='lat' dir='ltr'><strong>dodtrinaeque</strong></span> <span class='ocrx_word' id='word_1_59' title='bbox 1428 2507 1564 2608; x_wconf 89' lang='lat' dir='ltr'><strong>virtus</strong></span> <span class='ocrx_word' id='word_1_60' title='bbox 1596 2507 1911 2614; x_wconf 82' lang='lat' dir='ltr'><strong>immortalitati</strong></span> <span class='ocrx_word' id='word_1_61' title='bbox 1948 2548 2068 2624; x_wconf 74' lang='lat' dir='ltr'><strong>con-5</strong></span> 
     </span>
     <span class='ocr_line' id='line_1_10' title="bbox 680 2715 2057 2856; baseline 0.007 -35"><span class='ocrx_word' id='word_1_62' title='bbox 680 2719 894 2830; x_wconf 80' lang='lat' dir='ltr'><strong>serravit?</strong></span> <span class='ocrx_word' id='word_1_63' title='bbox 927 2721 1052 2848; x_wconf 92' lang='lat' dir='ltr'><strong>Quid</strong></span> <span class='ocrx_word' id='word_1_64' title='bbox 1078 2715 1250 2853; x_wconf 85' lang='lat' dir='ltr'><strong>porro?</strong></span> <span class='ocrx_word' id='word_1_65' title='bbox 1283 2745 1382 2852; x_wconf 83' lang='lat' dir='ltr'><strong>post</strong></span> <span class='ocrx_word' id='word_1_66' title='bbox 1405 2717 1538 2817; x_wconf 90' lang='lat' dir='ltr'><strong>talem</strong></span> <span class='ocrx_word' id='word_1_67' title='bbox 1558 2743 1818 2856; x_wconf 90' lang='lat' dir='ltr'><strong>tantumque</strong></span> <span class='ocrx_word' id='word_1_68' title='bbox 1839 2725 1984 2827; x_wconf 73' lang='lat' dir='ltr'><strong>vuum</strong></span> <span class='ocrx_word' id='word_1_69' title='bbox 2005 2757 2057 2830; x_wconf 87' lang='lat' dir='ltr'><strong>tu</strong></span> 
     </span>
     <span class='ocr_line' id='line_1_11' title="bbox 676 2921 2065 3078; baseline 0.004 -48"><span class='ocrx_word' id='word_1_70' title='bbox 676 2963 856 3068; x_wconf 89' lang='lat' dir='ltr'><strong>quoque</strong></span> <span class='ocrx_word' id='word_1_71' title='bbox 900 2925 1225 3063; x_wconf 85' lang='lat' dir='ltr'><strong>Philosophiam</strong></span> <span class='ocrx_word' id='word_1_72' title='bbox 1264 2921 1532 3057; x_wconf 85' lang='lat' dir='ltr'><strong>explicabis,</strong></span> <span class='ocrx_word' id='word_1_73' title='bbox 1585 2923 1702 3026; x_wconf 89' lang='lat' dir='ltr'><strong>illam</strong></span> <span class='ocrx_word' id='word_1_74' title='bbox 1737 2932 1943 3035; x_wconf 90' lang='lat' dir='ltr'><strong>omnium</strong></span> <span class='ocrx_word' id='word_1_75' title='bbox 1985 2971 2065 3078; x_wconf 51' lang='lat' dir='ltr'><strong>arg·</strong></span> 
     </span>
     <span class='ocr_line' id='line_1_12' title="bbox 674 3131 2047 3292; baseline 0.009 -55"><span class='ocrx_word' id='word_1_76' title='bbox 674 3136 789 3292; x_wconf 75' lang='lat' dir='ltr'><strong>tium</strong></span> <span class='ocrx_word' id='word_1_77' title='bbox 832 3139 1238 3276; x_wconf 88' lang='lat' dir='ltr'><strong>disciplinarumque</strong></span> <span class='ocrx_word' id='word_1_78' title='bbox 1275 3133 1519 3270; x_wconf 89' lang='lat' dir='ltr'><strong>principem</strong></span> <span class='ocrx_word' id='word_1_79' title='bbox 1558 3131 1872 3272; x_wconf 83' lang='lat' dir='ltr'><strong>&amp;reginam3</strong></span> <span class='ocrx_word' id='word_1_80' title='bbox 1904 3147 2047 3281; x_wconf 81' lang='lat' dir='ltr'><strong>&#39;cujus</strong></span> 
     </span>
     <span class='ocr_line' id='line_1_13' title="bbox 673 3343 2046 3483; baseline 0.007 -33"><span class='ocrx_word' id='word_1_81' title='bbox 673 3375 791 3450; x_wconf 89' lang='lat' dir='ltr'><strong>tanta</strong></span> <span class='ocrx_word' id='word_1_82' title='bbox 820 3376 888 3449; x_wconf 86' lang='lat' dir='ltr'><strong>est</strong></span> <span class='ocrx_word' id='word_1_83' title='bbox 912 3345 1206 3483; x_wconf 85' lang='lat' dir='ltr'><strong>magnitudo,</strong></span> <span class='ocrx_word' id='word_1_84' title='bbox 1240 3373 1318 3465; x_wconf 93' lang='lat' dir='ltr'><strong>ut,</strong></span> <span class='ocrx_word' id='word_1_85' title='bbox 1353 3374 1618 3480; x_wconf 89' lang='lat' dir='ltr'><strong>quamquam</strong></span> <span class='ocrx_word' id='word_1_86' title='bbox 1642 3343 1851 3454; x_wconf 83' lang='lat' dir='ltr'><strong>discendo</strong></span> <span class='ocrx_word' id='word_1_87' title='bbox 1879 3352 2046 3460; x_wconf 86' lang='lat' dir='ltr'><strong>docen-</strong></span> 
     </span>
     <span class='ocr_line' id='line_1_14' title="bbox 671 3547 2059 3695; baseline 0.004 -35"><span class='ocrx_word' id='word_1_88' title='bbox 671 3558 820 3695; x_wconf 89' lang='lat' dir='ltr'><strong>doque</strong></span> <span class='ocrx_word' id='word_1_89' title='bbox 846 3557 1034 3658; x_wconf 90' lang='lat' dir='ltr'><strong>multum</strong></span> <span class='ocrx_word' id='word_1_90' title='bbox 1071 3555 1116 3656; x_wconf 91' lang='lat' dir='ltr'><strong>in</strong></span> <span class='ocrx_word' id='word_1_91' title='bbox 1151 3585 1204 3655; x_wconf 90' lang='lat' dir='ltr'><strong>ea</strong></span> <span class='ocrx_word' id='word_1_92' title='bbox 1235 3547 1359 3652; x_wconf 88' lang='lat' dir='ltr'><strong>studii</strong></span> <span class='ocrx_word' id='word_1_93' title='bbox 1386 3552 1684 3690; x_wconf 88' lang='lat' dir='ltr'><strong>temporisque</strong></span> <span class='ocrx_word' id='word_1_94' title='bbox 1717 3560 2002 3680; x_wconf 88' lang='lat' dir='ltr'><strong>consumseris</strong></span> <span class='ocrx_word' id='word_1_95' title='bbox 2021 3623 2059 3690; x_wconf 19' lang='grc' dir='ltr'><strong>,Α</strong></span> 
     </span>
     <span class='ocr_line' id='line_1_15' title="bbox 669 3753 2056 3902; baseline 0.01 -36"><span class='ocrx_word' id='word_1_96' title='bbox 669 3767 763 3901; x_wconf 87' lang='lat' dir='ltr'><strong>ejus</strong></span> <span class='ocrx_word' id='word_1_97' title='bbox 796 3801 898 3870; x_wconf 90' lang='lat' dir='ltr'><strong>eam</strong></span> <span class='ocrx_word' id='word_1_98' title='bbox 933 3763 1262 3902; x_wconf 83' lang='lat' dir='ltr'><strong>intelligentiam</strong></span> <span class='ocrx_word' id='word_1_99' title='bbox 1305 3759 1532 3864; x_wconf 87' lang='lat' dir='ltr'><strong>assecutus</strong></span> <span class='ocrx_word' id='word_1_100' title='bbox 1548 3753 1639 3887; x_wconf 90' lang='lat' dir='ltr'><strong>srs,</strong></span> <span class='ocrx_word' id='word_1_101' title='bbox 1672 3801 1796 3902; x_wconf 83' lang='lat' dir='ltr'><strong>quae</strong></span> <span class='ocrx_word' id='word_1_102' title='bbox 1821 3769 1878 3868; x_wconf 88' lang='lat' dir='ltr'><strong>ad</strong></span> <span class='ocrx_word' id='word_1_103' title='bbox 1905 3774 2056 3880; x_wconf 71' lang='lat' dir='ltr'><strong>rimo.</strong></span> 
     </span>
     <span class='ocr_line' id='line_1_16' title="bbox 666 3971 2083 4116; baseline 0.005 -39"><span class='ocrx_word' id='word_1_104' title='bbox 666 4011 764 4080; x_wconf 86' lang='lat' dir='ltr'><strong>rem</strong></span> <span class='ocrx_word' id='word_1_105' title='bbox 797 3973 1137 4109; x_wconf 86' lang='lat' dir='ltr'><strong>concipiendum</strong></span> <span class='ocrx_word' id='word_1_106' title='bbox 1167 3973 1265 4074; x_wconf 93' lang='lat' dir='ltr'><strong>satis</strong></span> <span class='ocrx_word' id='word_1_107' title='bbox 1297 3973 1473 4094; x_wconf 84' lang='lat' dir='ltr'><strong>valeat,</strong></span> <span class='ocrx_word' id='word_1_108' title='bbox 1515 3975 1569 4074; x_wconf 91' lang='lat' dir='ltr'><strong>ad</strong></span> <span class='ocrx_word' id='word_1_109' title='bbox 1606 3971 1813 4080; x_wconf 88' lang='lat' dir='ltr'><strong>fiduciam</strong></span> <span class='ocrx_word' id='word_1_110' title='bbox 1845 3980 2039 4116; x_wconf 86' lang='lat' dir='ltr'><strong>parum?</strong></span> <span class='ocrx_word' id='word_1_111' title='bbox 2076 3983 2083 3994; x_wconf 79' lang='grc'><strong>’</strong></span> 
     </span>
     <span class='ocr_line' id='line_1_17' title="bbox 662 4179 2051 4321; baseline 0.006 -33"><span class='ocrx_word' id='word_1_112' title='bbox 662 4183 739 4288; x_wconf 86' lang='lat' dir='ltr'><strong>Ex</strong></span> <span class='ocrx_word' id='word_1_113' title='bbox 760 4186 828 4287; x_wconf 91' lang='lat' dir='ltr'><strong>his</strong></span> <span class='ocrx_word' id='word_1_114' title='bbox 857 4212 925 4285; x_wconf 92' lang='lat' dir='ltr'><strong>tot</strong></span> <span class='ocrx_word' id='word_1_115' title='bbox 949 4185 1162 4321; x_wconf 89' lang='lat' dir='ltr'><strong>tantisque</strong></span> <span class='ocrx_word' id='word_1_116' title='bbox 1194 4215 1394 4283; x_wconf 88' lang='lat' dir='ltr'><strong>curarum</strong></span> <span class='ocrx_word' id='word_1_117' title='bbox 1418 4179 1645 4308; x_wconf 75' lang='lat' dir='ltr'><strong>fludlibus,</strong></span> <span class='ocrx_word' id='word_1_118' title='bbox 1678 4186 1917 4292; x_wconf 87' lang='lat' dir='ltr'><strong>Auditores</strong></span> <span class='ocrx_word' id='word_1_119' title='bbox 1935 4191 2051 4298; x_wconf 79' lang='lat' dir='ltr'><strong>liu.</strong></span> 
     </span>
     <span class='ocr_line' id='line_1_18' title="bbox 660 4381 2030 4531; baseline 0.006 -36"><span class='ocrx_word' id='word_1_120' title='bbox 660 4393 928 4515; x_wconf 86' lang='lat' dir='ltr'><strong>manisstmi,</strong></span> <span class='ocrx_word' id='word_1_121' title='bbox 961 4396 1082 4531; x_wconf 89' lang='lat' dir='ltr'><strong>quod</strong></span> <span class='ocrx_word' id='word_1_122' title='bbox 1103 4427 1326 4531; x_wconf 90' lang='lat' dir='ltr'><strong>nunquam</strong></span> <span class='ocrx_word' id='word_1_123' title='bbox 1347 4393 1648 4527; x_wconf 81' lang='lat' dir='ltr'><strong>speraveram,</strong></span> <span class='ocrx_word' id='word_1_124' title='bbox 1684 4395 1844 4498; x_wconf 80' lang='lat' dir='ltr'><strong>emersa</strong></span> <span class='ocrx_word' id='word_1_125' title='bbox 1864 4381 1946 4503; x_wconf 50' lang='lat' dir='ltr'><strong>&#39;me</strong></span> <span class='ocrx_word' id='word_1_126' title='bbox 1967 4427 2030 4503; x_wconf 87' lang='lat' dir='ltr'><strong>ta·</strong></span> 
     </span>
     <span class='ocr_line' id='line_1_19' title="bbox 659 4599 2056 4748; baseline 0.005 -42"><span class='ocrx_word' id='word_1_127' title='bbox 659 4635 779 4706; x_wconf 86' lang='lat' dir='ltr'><strong>men·</strong></span> <span class='ocrx_word' id='word_1_128' title='bbox 846 4599 907 4704; x_wconf 89' lang='lat' dir='ltr'><strong>Et</strong></span> <span class='ocrx_word' id='word_1_129' title='bbox 932 4635 1044 4742; x_wconf 89' lang='lat' dir='ltr'><strong>quae</strong></span> <span class='ocrx_word' id='word_1_130' title='bbox 1074 4637 1144 4706; x_wconf 87' lang='lat' dir='ltr'><strong>res</strong></span> <span class='ocrx_word' id='word_1_131' title='bbox 1165 4605 1364 4707; x_wconf 88' lang='lat' dir='ltr'><strong>animum</strong></span> <span class='ocrx_word' id='word_1_132' title='bbox 1393 4601 1626 4710; x_wconf 87' lang='lat' dir='ltr'><strong>allevarent</strong></span> <span class='ocrx_word' id='word_1_133' title='bbox 1654 4630 1783 4745; x_wconf 88' lang='lat' dir='ltr'><strong>atque</strong></span> <span class='ocrx_word' id='word_1_134' title='bbox 1804 4609 2056 4748; x_wconf 36' lang='lat' dir='ltr'><strong>erigerent*</strong></span> 
     </span>
    </p>
   </div>
   <div class='ocr_carea' id='block_1_3' title="bbox 1868 4851 2024 4944">
    <p class='ocr_par' dir='ltr' id='par_1_3' title="bbox 1868 4851 2024 4944">
     <span class='ocr_line' id='line_1_20' title="bbox 1868 4851 2024 4944; baseline 0.013 -24"><span class='ocrx_word' id='word_1_135' title='bbox 1868 4851 2024 4944; x_wconf 88' lang='lat' dir='ltr'><strong>meum</strong></span> 
     </span>
    </p>
   </div>
   <div class='ocr_carea' id='block_1_4' title="bbox 0 0 2660 6626">
    <p class='ocr_par' dir='ltr' id='par_1_4' title="bbox 0 0 2660 6626">
     <span class='ocr_line' id='line_1_21' title="bbox 0 0 2660 6626; baseline 0 22"><span class='ocrx_word' id='word_1_136' title='bbox 0 0 2660 6626; x_wconf 95' lang='lat' dir='ltr'><strong> </strong></span> 
     </span>
    </p>
   </div>
  </div>
 </body>
</html>
