<?xml version="1.0" encoding="UTF-8"?>
<!DOCTYPE html PUBLIC "-//W3C//DTD XHTML 1.0 Transitional//EN"
    "http://www.w3.org/TR/xhtml1/DTD/xhtml1-transitional.dtd">
<html xmlns="http://www.w3.org/1999/xhtml" xml:lang="en" lang="en">
 <head>
  <title>
</title>
<meta http-equiv="Content-Type" content="text/html;charset=utf-8" />
  <meta name='ocr-system' content='tesseract 3.04.00' />
  <meta name='ocr-capabilities' content='ocr_page ocr_carea ocr_par ocr_line ocrx_word'/>
</head>
<body>
  <div class='ocr_page' id='page_1' title='image "./danieliswyttenb00wyttgoog_0040.png"; bbox 0 0 5312 6626; ppageno 0'>
   <div class='ocr_carea' id='block_1_1' title="bbox 870 677 1941 850">
    <p class='ocr_par' dir='ltr' id='par_1_1' title="bbox 870 677 1941 850">
     <span class='ocr_line' id='line_1_1' title="bbox 870 677 1941 850; baseline 0.001 -48"><span class='ocrx_word' id='word_1_1' title='bbox 870 677 1612 804; x_wconf 83' lang='lat' dir='ltr'><strong>ORATIO.</strong></span> <span class='ocrx_word' id='word_1_2' title='bbox 1871 727 1941 850; x_wconf 64' lang='lat'>33</span> 
     </span>
    </p>
   </div>
   <div class='ocr_carea' id='block_1_2' title="bbox 552 995 1952 4910">
    <p class='ocr_par' dir='ltr' id='par_1_2' title="bbox 552 995 1952 4738">
     <span class='ocr_line' id='line_1_2' title="bbox 566 995 1950 1142; baseline 0.005 -40"><span class='ocrx_word' id='word_1_3' title='bbox 566 999 662 1104; x_wconf 80' lang='lat' dir='ltr'>rius</span> <span class='ocrx_word' id='word_1_4' title='bbox 688 999 797 1140; x_wconf 87' lang='lat' dir='ltr'>quid</span> <span class='ocrx_word' id='word_1_5' title='bbox 827 998 996 1121; x_wconf 83' lang='lat' dir='ltr'>dicam,</span> <span class='ocrx_word' id='word_1_6' title='bbox 1028 997 1209 1100; x_wconf 85' lang='lat' dir='ltr'>dubiam</span> <span class='ocrx_word' id='word_1_7' title='bbox 1229 995 1436 1100; x_wconf 88' lang='lat' dir='ltr'>reddunt:</span> <span class='ocrx_word' id='word_1_8' title='bbox 1471 1032 1643 1136; x_wconf 80' lang='lat' dir='ltr'>nosque</span> <span class='ocrx_word' id='word_1_9' title='bbox 1670 1033 1826 1106; x_wconf 81' lang='lat' dir='ltr'>eorum</span> <span class='ocrx_word' id='word_1_10' title='bbox 1852 1035 1950 1142; x_wconf 79' lang='lat' dir='ltr'>nora</span> 
     </span>
     <span class='ocr_line' id='line_1_3' title="bbox 564 1200 1948 1376; baseline -0.004 -60"><span class='ocrx_word' id='word_1_11' title='bbox 564 1242 656 1362; x_wconf 79' lang='lat' dir='ltr'>tam</span> <span class='ocrx_word' id='word_1_12' title='bbox 686 1213 868 1312; x_wconf 80' lang='lat' dir='ltr'>virtutes</span> <span class='ocrx_word' id='word_1_13' title='bbox 909 1200 1042 1376; x_wconf 78' lang='lat' dir='ltr'>quarn</span> <span class='ocrx_word' id='word_1_14' title='bbox 1091 1209 1198 1310; x_wconf 81' lang='lat' dir='ltr'>vitia</span> <span class='ocrx_word' id='word_1_15' title='bbox 1244 1209 1293 1312; x_wconf 89' lang='lat'>&amp;</span> <span class='ocrx_word' id='word_1_16' title='bbox 1344 1209 1569 1312; x_wconf 89' lang='lat' dir='ltr'>levitatem</span> <span class='ocrx_word' id='word_1_17' title='bbox 1619 1215 1948 1334; x_wconf 68' lang='lat' dir='ltr'>consociamur..</span> 
     </span>
     <span class='ocr_line' id='line_1_4' title="bbox 565 1419 1948 1560; baseline 0.006 -35"><span class='ocrx_word' id='word_1_18' title='bbox 565 1425 718 1554; x_wconf 79' lang='lat' dir='ltr'>Quare</span> <span class='ocrx_word' id='word_1_19' title='bbox 751 1423 899 1556; x_wconf 80' lang='lat' dir='ltr'>agite,</span> <span class='ocrx_word' id='word_1_20' title='bbox 921 1456 952 1520; x_wconf 92' lang='lat' dir='ltr'>o</span> <span class='ocrx_word' id='word_1_21' title='bbox 980 1419 1200 1556; x_wconf 87' lang='lat' dir='ltr'>Juvenes,</span> <span class='ocrx_word' id='word_1_22' title='bbox 1235 1423 1480 1523; x_wconf 83' lang='lat' dir='ltr'>convertite</span> <span class='ocrx_word' id='word_1_23' title='bbox 1512 1425 1611 1523; x_wconf 93' lang='lat' dir='ltr'>Vos</span> <span class='ocrx_word' id='word_1_24' title='bbox 1643 1425 1695 1524; x_wconf 87' lang='lat' dir='ltr'>ad</span> <span class='ocrx_word' id='word_1_25' title='bbox 1720 1429 1948 1560; x_wconf 87' lang='lat' dir='ltr'>Majorum</span> 
     </span>
     <span class='ocr_line' id='line_1_5' title="bbox 564 1629 1952 1776; baseline 0.004 -40"><span class='ocrx_word' id='word_1_26' title='bbox 564 1631 792 1768; x_wconf 80' lang='lat' dir='ltr'>exempla!</span> <span class='ocrx_word' id='word_1_27' title='bbox 826 1665 972 1768; x_wconf 86' lang='lat' dir='ltr'>neque</span> <span class='ocrx_word' id='word_1_28' title='bbox 1012 1633 1111 1732; x_wconf 89' lang='lat' dir='ltr'>Vos</span> <span class='ocrx_word' id='word_1_29' title='bbox 1137 1629 1352 1768; x_wconf 89' lang='lat' dir='ltr'>popularis</span> <span class='ocrx_word' id='word_1_30' title='bbox 1385 1635 1548 1734; x_wconf 82' lang='lat' dir='ltr'>vanitas</span> <span class='ocrx_word' id='word_1_31' title='bbox 1577 1629 1767 1738; x_wconf 84' lang='lat' dir='ltr'>auferat:</span> <span class='ocrx_word' id='word_1_32' title='bbox 1803 1673 1952 1776; x_wconf 87' lang='lat' dir='ltr'>neque·</span> 
     </span>
     <span class='ocr_line' id='line_1_6' title="bbox 564 1841 1944 1981; baseline 0.001 -33"><span class='ocrx_word' id='word_1_33' title='bbox 564 1845 663 1948; x_wconf 86' lang='lat' dir='ltr'>Vos</span> <span class='ocrx_word' id='word_1_34' title='bbox 680 1841 851 1946; x_wconf 76' lang='lat' dir='ltr'>stamma·</span> <span class='ocrx_word' id='word_1_35' title='bbox 865 1843 1022 1945; x_wconf 89' lang='lat' dir='ltr'>omnia</span> <span class='ocrx_word' id='word_1_36' title='bbox 1046 1843 1304 1944; x_wconf 69' lang='lat' dir='ltr'>constcutos</span> <span class='ocrx_word' id='word_1_37' title='bbox 1329 1845 1514 1976; x_wconf 88' lang='lat' dir='ltr'>putetis,</span> <span class='ocrx_word' id='word_1_38' title='bbox 1549 1879 1718 1981; x_wconf 86' lang='lat' dir='ltr'>quum,</span> <span class='ocrx_word' id='word_1_39' title='bbox 1740 1879 1839 1981; x_wconf 86' lang='lat' dir='ltr'>post</span> <span class='ocrx_word' id='word_1_40' title='bbox 1870 1849 1944 1950; x_wconf 89' lang='lat' dir='ltr'>de·</span> 
     </span>
     <span class='ocr_line' id='line_1_7' title="bbox 561 2051 1946 2194; baseline -0.001 -34"><span class='ocrx_word' id='word_1_41' title='bbox 561 2055 681 2160; x_wconf 75' lang='lat' dir='ltr'>cusa</span> <span class='ocrx_word' id='word_1_42' title='bbox 701 2055 1021 2194; x_wconf 82' lang='lat' dir='ltr'>disciplinarum</span> <span class='ocrx_word' id='word_1_43' title='bbox 1039 2051 1192 2172; x_wconf 81' lang='lat' dir='ltr'>stadia,</span> <span class='ocrx_word' id='word_1_44' title='bbox 1225 2051 1402 2151; x_wconf 90' lang='lat' dir='ltr'>titulum</span> <span class='ocrx_word' id='word_1_45' title='bbox 1430 2054 1478 2157; x_wconf 88' lang='lat'>&amp;</span> <span class='ocrx_word' id='word_1_46' title='bbox 1506 2059 1636 2158; x_wconf 86' lang='lat' dir='ltr'>inane</span> <span class='ocrx_word' id='word_1_47' title='bbox 1663 2092 1831 2159; x_wconf 91' lang='lat' dir='ltr'>nornen</span> <span class='ocrx_word' id='word_1_48' title='bbox 1865 2060 1946 2158; x_wconf 80' lang='lat' dir='ltr'>ho—</span> 
     </span>
     <span class='ocr_line' id='line_1_8' title="bbox 560 2259 1945 2400; baseline -0.001 -32"><span class='ocrx_word' id='word_1_49' title='bbox 560 2270 680 2378; x_wconf 86' lang='lat' dir='ltr'>noris</span> <span class='ocrx_word' id='word_1_50' title='bbox 701 2267 892 2368; x_wconf 89' lang='lat' dir='ltr'>domum</span> <span class='ocrx_word' id='word_1_51' title='bbox 910 2261 1246 2397; x_wconf 77' lang='lat' dir='ltr'>reportaveritis.</span> <span class='ocrx_word' id='word_1_52' title='bbox 1286 2259 1571 2397; x_wconf 85' lang='lat' dir='ltr'>Numquam,</span> <span class='ocrx_word' id='word_1_53' title='bbox 1597 2263 1821 2400; x_wconf 68' lang='lat' dir='ltr'>pusello,</span> <span class='ocrx_word' id='word_1_54' title='bbox 1841 2267 1945 2368; x_wconf 89' lang='lat' dir='ltr'>Ma·</span> 
     </span>
     <span class='ocr_line' id='line_1_9' title="bbox 554 2469 1942 2618; baseline -0.001 -36"><span class='ocrx_word' id='word_1_55' title='bbox 554 2484 678 2618; x_wconf 78' lang='lat' dir='ltr'>joses</span> <span class='ocrx_word' id='word_1_56' title='bbox 710 2473 860 2581; x_wconf 84' lang='lat' dir='ltr'>Vellri</span> <span class='ocrx_word' id='word_1_57' title='bbox 893 2475 1009 2575; x_wconf 80' lang='lat' dir='ltr'>lunc</span> <span class='ocrx_word' id='word_1_58' title='bbox 1046 2471 1387 2608; x_wconf 85' lang='lat' dir='ltr'>Rempublicam</span> <span class='ocrx_word' id='word_1_59' title='bbox 1428 2473 1482 2574; x_wconf 91' lang='lat' dir='ltr'>ad</span> <span class='ocrx_word' id='word_1_60' title='bbox 1513 2503 1683 2576; x_wconf 86' lang='lat' dir='ltr'>tanturn</span> <span class='ocrx_word' id='word_1_61' title='bbox 1716 2469 1942 2614; x_wconf 81' lang='lat' dir='ltr'>fastigium</span> 
     </span>
     <span class='ocr_line' id='line_1_10' title="bbox 562 2667 1941 2824; baseline -0.012 -30"><span class='ocrx_word' id='word_1_62' title='bbox 562 2687 840 2814; x_wconf 65' lang='lat' dir='ltr'>evexisssnt,</span> <span class='ocrx_word' id='word_1_63' title='bbox 874 2683 909 2788; x_wconf 87' lang='lat' dir='ltr'>sr</span> <span class='ocrx_word' id='word_1_64' title='bbox 934 2667 1127 2820; x_wconf 84' lang='lat' dir='ltr'>speciem</span> <span class='ocrx_word' id='word_1_65' title='bbox 1158 2684 1207 2787; x_wconf 74' lang='grc' dir='ltr'>δι</span> <span class='ocrx_word' id='word_1_66' title='bbox 1239 2683 1501 2818; x_wconf 83' lang='lat' dir='ltr'>opinionem</span> <span class='ocrx_word' id='word_1_67' title='bbox 1529 2689 1829 2824; x_wconf 83' lang='lat' dir='ltr'>potiusquam</span> <span class='ocrx_word' id='word_1_68' title='bbox 1861 2722 1941 2790; x_wconf 73' lang='lat' dir='ltr'>ve.</span> 
     </span>
     <span class='ocr_line' id='line_1_11' title="bbox 560 2855 1941 3030; baseline -0.005 -26"><span class='ocrx_word' id='word_1_69' title='bbox 560 2855 732 3004; x_wconf 81' lang='lat' dir='ltr'>ritatem</span> <span class='ocrx_word' id='word_1_70' title='bbox 757 2896 1036 3000; x_wconf 88' lang='lat' dir='ltr'>&amp;virtutem</span> <span class='ocrx_word' id='word_1_71' title='bbox 1058 2891 1192 2996; x_wconf 88' lang='lat' dir='ltr'>secuti</span> <span class='ocrx_word' id='word_1_72' title='bbox 1223 2888 1417 2992; x_wconf 89' lang='lat' dir='ltr'>fuissent.</span> <span class='ocrx_word' id='word_1_73' title='bbox 1461 2893 1595 3018; x_wconf 88' lang='lat' dir='ltr'>Hoc,</span> <span class='ocrx_word' id='word_1_74' title='bbox 1610 2898 1706 2998; x_wconf 87' lang='lat' dir='ltr'>Vos</span> <span class='ocrx_word' id='word_1_75' title='bbox 1726 2895 1941 3030; x_wconf 72' lang='lat' dir='ltr'>juvenes,</span> 
     </span>
     <span class='ocr_line' id='line_1_12' title="bbox 562 3104 1942 3252; baseline -0.002 -40"><span class='ocrx_word' id='word_1_76' title='bbox 562 3108 759 3252; x_wconf 82' lang='lat' dir='ltr'>quotidie</span> <span class='ocrx_word' id='word_1_77' title='bbox 786 3107 1009 3248; x_wconf 83' lang='lat' dir='ltr'>cogitate,</span> <span class='ocrx_word' id='word_1_78' title='bbox 1043 3137 1146 3208; x_wconf 85' lang='lat' dir='ltr'>curn</span> <span class='ocrx_word' id='word_1_79' title='bbox 1173 3139 1335 3209; x_wconf 89' lang='lat' dir='ltr'>omnes</span> <span class='ocrx_word' id='word_1_80' title='bbox 1363 3104 1548 3225; x_wconf 83' lang='lat' dir='ltr'>Batavi,</span> <span class='ocrx_word' id='word_1_81' title='bbox 1571 3137 1686 3207; x_wconf 86' lang='lat' dir='ltr'>tum</span> <span class='ocrx_word' id='word_1_82' title='bbox 1716 3110 1764 3207; x_wconf 88' lang='lat' dir='ltr'>in</span> <span class='ocrx_word' id='word_1_83' title='bbox 1786 3109 1942 3244; x_wconf 87' lang='lat' dir='ltr'>primis</span> 
     </span>
     <span class='ocr_line' id='line_1_13' title="bbox 560 3315 1941 3458; baseline -0.001 -34"><span class='ocrx_word' id='word_1_84' title='bbox 560 3315 1017 3438; x_wconf 75' lang='lat' dir='ltr'>Amllelodamenstts,</span> <span class='ocrx_word' id='word_1_85' title='bbox 1051 3345 1142 3454; x_wconf 90' lang='lat' dir='ltr'>quo</span> <span class='ocrx_word' id='word_1_86' title='bbox 1174 3317 1452 3454; x_wconf 86' lang='lat' dir='ltr'>magia-haec</span> <span class='ocrx_word' id='word_1_87' title='bbox 1483 3315 1635 3416; x_wconf 86' lang='lat' dir='ltr'>civitas</span> <span class='ocrx_word' id='word_1_88' title='bbox 1655 3321 1941 3458; x_wconf 85' lang='lat' dir='ltr'>praecipuum</span> 
     </span>
     <span class='ocr_line' id='line_1_14' title="bbox 556 3523 1942 3666; baseline -0.002 -33"><span class='ocrx_word' id='word_1_89' title='bbox 556 3531 709 3666; x_wconf 85' lang='lat' dir='ltr'>Belgii</span> <span class='ocrx_word' id='word_1_90' title='bbox 740 3526 974 3627; x_wconf 87' lang='lat' dir='ltr'>Foederati</span> <span class='ocrx_word' id='word_1_91' title='bbox 990 3523 1198 3624; x_wconf 87' lang='lat' dir='ltr'>columen</span> <span class='ocrx_word' id='word_1_92' title='bbox 1229 3552 1295 3624; x_wconf 86' lang='lat' dir='ltr'>est</span> <span class='ocrx_word' id='word_1_93' title='bbox 1336 3556 1387 3624; x_wconf 82' lang='lat' dir='ltr'>ac</span> <span class='ocrx_word' id='word_1_94' title='bbox 1428 3523 1698 3658; x_wconf 75' lang='lat' dir='ltr'>praesidium.</span> <span class='ocrx_word' id='word_1_95' title='bbox 1800 3526 1942 3660; x_wconf 86' lang='lat' dir='ltr'>Cujus</span> 
     </span>
     <span class='ocr_line' id='line_1_15' title="bbox 552 3733 1939 3882; baseline -0.004 -37"><span class='ocrx_word' id='word_1_96' title='bbox 552 3741 739 3882; x_wconf 74' lang='lat' dir='ltr'>(pridem</span> <span class='ocrx_word' id='word_1_97' title='bbox 768 3738 835 3838; x_wconf 86' lang='lat' dir='ltr'>rei</span> <span class='ocrx_word' id='word_1_98' title='bbox 863 3733 1012 3836; x_wconf 73' lang='lat' dir='ltr'>causstt</span> <span class='ocrx_word' id='word_1_99' title='bbox 1035 3735 1192 3836; x_wconf 91' lang='lat' dir='ltr'>Deum</span> <span class='ocrx_word' id='word_1_100' title='bbox 1228 3735 1468 3870; x_wconf 89' lang='lat' dir='ltr'>Optimum</span> <span class='ocrx_word' id='word_1_101' title='bbox 1495 3733 1744 3836; x_wconf 84' lang='lat' dir='ltr'>Maximum</span> <span class='ocrx_word' id='word_1_102' title='bbox 1775 3769 1939 3840; x_wconf 81' lang='lat' dir='ltr'>conce·</span> 
     </span>
     <span class='ocr_line' id='line_1_16' title="bbox 553 3943 1937 4091; baseline -0.002 -35"><span class='ocrx_word' id='word_1_103' title='bbox 553 3956 642 4091; x_wconf 89' lang='lat' dir='ltr'>ptis</span> <span class='ocrx_word' id='word_1_104' title='bbox 680 3949 871 4085; x_wconf 88' lang='lat' dir='ltr'>imploro</span> <span class='ocrx_word' id='word_1_105' title='bbox 910 3946 1090 4047; x_wconf 81' lang='lat' dir='ltr'>verbis:</span> <span class='ocrx_word' id='word_1_106' title='bbox 1143 3943 1285 4068; x_wconf 86' lang='lat' dir='ltr'>„Tu</span> <span class='ocrx_word' id='word_1_107' title='bbox 1314 3945 1485 4084; x_wconf 84' lang='lat' dir='ltr'>igitur,</span> <span class='ocrx_word' id='word_1_108' title='bbox 1522 3944 1680 4066; x_wconf 86' lang='lat' dir='ltr'>Deus,</span> <span class='ocrx_word' id='word_1_109' title='bbox 1713 3947 1937 4082; x_wconf 78' lang='lat' dir='ltr'>Optime,</span> 
     </span>
     <span class='ocr_line' id='line_1_17' title="bbox 556 4152 1934 4298; baseline -0.001 -35"><span class='ocrx_word' id='word_1_110' title='bbox 556 4235 607 4298; x_wconf 20' lang='lat'>„¹</span> <span class='ocrx_word' id='word_1_111' title='bbox 626 4161 850 4280; x_wconf 84' lang='lat' dir='ltr'>Maxime,</span> <span class='ocrx_word' id='word_1_112' title='bbox 882 4153 1235 4295; x_wconf 78' lang='lat' dir='ltr'>quondoquidem</span> <span class='ocrx_word' id='word_1_113' title='bbox 1261 4152 1446 4291; x_wconf 84' lang='lat' dir='ltr'>vestigia</span> <span class='ocrx_word' id='word_1_114' title='bbox 1471 4157 1800 4296; x_wconf 84' lang='lat' dir='ltr'>gubernationis</span> <span class='ocrx_word' id='word_1_115' title='bbox 1828 4184 1934 4262; x_wconf 85' lang='lat' dir='ltr'>tuae</span> 
     </span>
     <span class='ocr_line' id='line_1_18' title="bbox 556 4365 1935 4516; baseline 0.001 -42"><span class='ocrx_word' id='word_1_116' title='bbox 556 4447 592 4502; x_wconf 84' lang='lat'>,‚</span> <span class='ocrx_word' id='word_1_117' title='bbox 625 4373 787 4493; x_wconf 88' lang='lat' dir='ltr'>adoro,</span> <span class='ocrx_word' id='word_1_118' title='bbox 820 4365 939 4507; x_wconf 90' lang='lat' dir='ltr'>quod</span> <span class='ocrx_word' id='word_1_119' title='bbox 965 4399 1023 4468; x_wconf 85' lang='lat' dir='ltr'>err</span> <span class='ocrx_word' id='word_1_120' title='bbox 1044 4366 1176 4469; x_wconf 82' lang='lat' dir='ltr'>libera</span> <span class='ocrx_word' id='word_1_121' title='bbox 1201 4401 1276 4469; x_wconf 91' lang='lat' dir='ltr'>me</span> <span class='ocrx_word' id='word_1_122' title='bbox 1309 4372 1446 4510; x_wconf 79' lang='lat' dir='ltr'>patria</span> <span class='ocrx_word' id='word_1_123' title='bbox 1480 4368 1537 4516; x_wconf 87' lang='lat' dir='ltr'>in</span> <span class='ocrx_word' id='word_1_124' title='bbox 1552 4369 1729 4468; x_wconf 83' lang='lat' dir='ltr'>liberam</span> <span class='ocrx_word' id='word_1_125' title='bbox 1749 4371 1935 4502; x_wconf 88' lang='lat' dir='ltr'>patriam</span> 
     </span>
     <span class='ocr_line' id='line_1_19' title="bbox 560 4573 1935 4738; baseline -0.007 -51"><span class='ocrx_word' id='word_1_126' title='bbox 560 4655 595 4712; x_wconf 77' lang='lat'>„</span> <span class='ocrx_word' id='word_1_127' title='bbox 628 4575 868 4702; x_wconf 81' lang='lat' dir='ltr'>traduxisti,</span> <span class='ocrx_word' id='word_1_128' title='bbox 894 4575 1103 4738; x_wconf 79' lang='lat' dir='ltr'>quodque</span> <span class='ocrx_word' id='word_1_129' title='bbox 1131 4573 1398 4721; x_wconf 85' lang='lat' dir='ltr'>disciplinam</span> <span class='ocrx_word' id='word_1_130' title='bbox 1441 4579 1552 4686; x_wconf 87' lang='lat' dir='ltr'>milri</span> <span class='ocrx_word' id='word_1_131' title='bbox 1581 4575 1793 4682; x_wconf 86' lang='lat' dir='ltr'>tradidisti·</span> <span class='ocrx_word' id='word_1_132' title='bbox 1831 4577 1935 4680; x_wconf 82' lang='lat' dir='ltr'>l&#39;hi·</span> 
     </span>
    </p>

    <p class='ocr_par' dir='ltr' id='par_1_3' title="bbox 1807 4787 1931 4910">
     <span class='ocr_line' id='line_1_20' title="bbox 1807 4787 1931 4910; baseline 0 -20"><span class='ocrx_word' id='word_1_133' title='bbox 1807 4787 1931 4910; x_wconf 87' lang='lat' dir='ltr'>„lo-</span> 
     </span>
    </p>
   </div>
   <div class='ocr_carea' id='block_1_3' title="bbox 0 0 2660 6626">
    <p class='ocr_par' dir='ltr' id='par_1_4' title="bbox 0 0 2660 6626">
     <span class='ocr_line' id='line_1_21' title="bbox 0 0 2660 6626; baseline 0 7"><span class='ocrx_word' id='word_1_134' title='bbox 0 0 2660 6626; x_wconf 95' lang='lat' dir='ltr'> </span> 
     </span>
    </p>
   </div>
  </div>
 </body>
</html>
