5312 6626
822 707 1647 842 ”ORATIO
1886 755 1962 882 ¹7.

571 1037 623 1140 lia
646 1036 855 1158 haerere,
889 1031 1070 1167 syllabas
1099 1031 1328 1170 aucupari,
1366 1017 1502 1168 atque
1519 1028 1593 1164 jus
1617 1060 1758 1133 omne
1786 1026 1960 1158 iuver-3

570 1245 638 1349 bis
674 1246 726 1354 &
758 1246 955 1388 litigandi
986 1245 1157 1348 ratione
1184 1217 1402 1380 ¹ponere3
1458 1273 1612 1343 nonne
1649 1241 1827 1345 necesse
1863 1245 1953 1374 ht,

568 1489 675 1556 eum
688 1456 799 1591 legis
819 1455 1093 1577 sententiam,
1109 1451 1249 1556 modo
1269 1450 1542 1594 ignorantia,
1555 1449 1695 1556 modo
1710 1451 1955 1614 voluntate,

564 1693 845 1796 pervertere,
878 1661 1004 1766 humi
1026 1695 1204 1800 repete,
1236 1660 1287 1765 δι
1313 1696 1373 1764 ne
1393 1658 1587 1796 lirspicari
1608 1655 1819 1794 quidem,
1836 1697 1950 1801 quae

562 1869 616 1974 srt
644 1905 748 1978 vera
762 1874 871 2010 juris
894 1902 1042 1976 natura
1065 1874 1116 1979 ἃ
1133 1869 1396 1978 sonoritas?
1430 1871 1581 1972 Facite
1613 1902 1724 1970 uero
1751 1875 1948 1984 eundem

560 2079 713 2186 adduci
740 2085 788 2184 in
823 2083 1127 2218 Philosophiae
1153 2083 1324 2181 sacraria
1335 2117 1353 2210 3
1386 2082 1625 2199 continuo,
1655 2077 1790 2179 veluti
1818 2080 1942 2190 subli-

443 2353 448 2362 ·
557 2289 643 2392 mis
669 2275 952 2428 'propiorque
983 2287 1120 2393 factus
1147 2289 1340 2442 *divinae
1385 2313 1598 2408 naturae,
1651 2289 1709 2389 ex
1743 2319 1829 2423 qua
1867 2294 1942 2431 jus

555 2527 697 2604 omne
736 2527 867 2641 atque
903 2499 1107 2606 officium
1133 2499 1301 2620 oritur,
1356 2498 1468 2600 hanc
1490 2493 1695 2631 'primum
1734 2525 1941 2608 contem·

552 2707 715 2842 platur:
747 2710 908 2810 deinde
936 2713 993 2812 ab
1015 2746 1099 2832 ea,
1132 2740 1358 2846 tamquam
1375 2743 1434 2814 ex
1452 2708 1570 2830 alto,
1598 2733 1800 2812 mentem
1823 2747 1936 2817 con·

552 2914 686 3016 vertit
709 2915 763 3018 ad
794 2915 1032 3020 humanam
1054 2945 1275 3038 naturam,
1310 2948 1459 3052 neque
1484 2945 1585 3017 eam
1614 2911 1718 3014 foro
1749 2921 1937 3058 amplius

549 3121 781 3264 litibusque
811 3127 990 3230 metitur
1007 3199 1023 3247 ,
1040 3124 1112 3229 sed
1137 3122 1382 3228 universam
1397 3121 1723 3258 complectitur,
1746 3123 1929 3268 ejusque

547 3334 644 3434 vim
675 3341 729 3436 'ac
756 3331 1019 3476 dignitatem
1046 3335 1289 3475 perspicere
1317 3334 1480 3469 incipit.
1550 3333 1677 3439 Tum
1706 3343 1832 3440 vero'
1846 3337 1928 3444 lux

547 3541 707 3642 oritur:
740 3540 980 3681 diffugiunt
1005 3577 1200 3666 errores,
1233 3543 1494 3677 opiniones,
1528 3539 1725 3664 fraudes,
1759 3543 1921 3652 calum·

545 3750 675 3855 niae:
722 3752 903 3887 erigitur
934 3755 1140 3876 animus,
1187 3754 1311 3893 leges
1351 3745 1587 3889 officiaque
1634 3751 1689 3855 ab
1736 3785 1918 3861 aeterno

544 3958 785 4096 divinoque
815 3959 933 4062 ducit
962 3963 1217 4099 ²tartemplo,
1263 3961 1313 4064 δι
1347 3963 1401 4063 ad
1439 3962 1758 4067 humanitatem
1789 3999 1916 4070 com·

541 4181 817 4308 munemque
844 4172 1049 4274 omnium
1071 4169 1330 4273 felicitatem
1357 4173 1679 4274 accommodat.
1735 4173 1808 4276 Ex
1832 4177 1912 4282 hac

541 4378 762 4514 disciplina
779 4379 1064 4518 legislatores
1094 4383 1367 4504 extiterunt,
1407 4381 1646 4522 Lycurgi,
1690 4383 1911 4512 Solones,

538 4583 746 4714 Numae,
779 4591 1086 4732 Pythagorae,
1118 4628 1309 4734 quorum
1340 4591 1541 4734 leges&
1575 4591 1785 4698 steterunt
1814 4599 1910 4702 diu·

1207 4808 1253 4912 C
1715 4802 1959 4938 tissime„
