5312 6626
910 741 1649 871 ORATIO.
1898 779 1979 902 19

595 1065 849 1205 deinque
880 1091 1011 1168 mene
1034 1075 1189 1166 ven'm
1222 1057 1276 1168 dc
1301 1055 1592 1196 magnificam
1612 1058 1875 1165 sententiam
1896 1089 1975 1199 pn-

591 1311 705 1383 rere.
772 1275 849 1380 Ex
876 1277 1058 1414 pedore
1084 1269 1296 1412 profluet,
1329 1271 1508 1378 necesse
1541 1298 1645 1395 ent,
1679 1270 1974 1412 Eloquentiae
2063 1379 2070 1394 ,

588 1487 786 1592 flumen:
818 1491 971 1624 pedus
998 1513 1105 1592 ante
1137 1485 1292 1589 omnia
1319 1509 1495 1588 naturae
1517 1483 1778 1622 cognitione
1798 1483 1974 1622 replen-

584 1699 714 1802 dum:
748 1697 922 1834 pedus,
946 1729 1027 1832 per
1048 1697 1163 1798 hanc
1176 1691 1310 1829 ipsam
1333 1693 1673 1834 cognitionem,
1694 1692 1865 1796 virtutis
1887 1691 1971 1796 ho·

586 1903 852 2046 nestetisque
881 1939 1036 2010 amore
1070 1905 1469 2025 inflammandum,
1503 1904 1554 2009 δι
1592 1851 1727 2006 veiae
1766 1901 1968 2042 pulcritu-

590 2115 702 2220 dinis
729 2115 858 2222 ssnffi·
881 2114 1171 2220 imbuendum
1202 2141 1283 2214 est.
1351 2115 1475 2240 Quid
1508 2115 1642 2254 igitur
1671 2110 1843 2216 caussae
1862 2113 1969 2218 suis·

582 2321 890 2446 stdicamus,
930 2328 1053 2462 quod
1090 2325 1147 2426 ab
1182 2320 1309 2426 omni
1341 2353 1459 2423 nevo
1493 2348 1583 2423 tres
1621 2321 1698 2422 soii
1724 2317 1966 2461 perfedinm

583 2533 883 2672 Eloquentiae
905 2533 1081 2639 leudem
1103 2531 1331 2636 consecuti
1354 2530 1468 2655 sint,
1495 2565 1553 2637 ex
1575 2529 1759 2634 Graecis
1778 2531 1964 2638 Pericles

579 2743 632 2848 dl
658 2743 1017 2869 Demosthenes,
1051 2779 1109 2846 ex
1126 2745 1342 2848 Romanis
1372 2741 1575 2851 Cicero?
1598 2737 1827 2846 Nimirum
1845 2742 1890 2844 hi
1911 2742 1962 2848 &

577 2949 657 3054 soli
682 2948 734 3056 dl
759 2950 845 3052 toti
875 2953 1125 3088 prodierant
1157 2989 1217 3056 ex
1244 2951 1467 3086 disciplina
1501 2947 1825 3087 Philosophiae,
1847 2987 1960 3091 quae

577 3161 665 3266 sola
698 3191 852 3264 veram
886 3160 1059 3264 dicendi
1083 3163 1180 3266 vim
1211 3188 1410 3298 procreat
1449 3159 1500 3264 &
1534 3159 1620 3262 alit.
1707 3159 1759 3266 N
1761 3194 1836 3264 am
1861 3159 1960 3264 fue.

578 3402 679 3476 nint
699 3405 858 3475 eorum
890 3373 1105 3476 amnibus
1128 3372 1283 3496 multi,
1301 3372 1352 3475 δι
1375 3372 1714 3476 innumerabiles
1742 3373 1924 3513 quidem
1935 3406 1957 3496 ‚·

580 3583 652 3682 eiii
676 3611 894 3701 oratores,
929 3581 1036 3715 qui,
1062 3613 1330 3719 qenmqunm
1359 3575 1503 3682 studio
1527 3578 1579 3683 δι
1610 3606 1700 3682 arte
1733 3577 1956 3705 valerent,

579 3817 731 3892 nmen
766 3792 814 3892 in
843 3788 953 3892 iilius
999 3790 1134 3894 laudis
1166 3787 1419 3894 sscietatem
1456 3791 1607 3892 venire
1637 3825 1728 3894 non
1765 3793 1955 3927 possent.

579 3999 752 4135 Magna
783 3997 866 4100 fuit
894 4031 987 4121 ars,
1024 4033 1239 4138 magnum
1269 4003 1526 4141 ingenium,
1554 4003 1601 4104 in
1638 4001 1859 4106 AEschine
1891 4037 1959 4106 ne

576 4209 798 4346 Sulpicio:
833 4207 1024 4312 habebat
1049 4239 1241 4313 anetum
1267 4240 1452 4347 uterque
1481 4244 1647 4315 vocem
1669 4209 1873 4316 sonoram
1898 4215 1949 4318 δι

579 4419 878 4554 splendidam,
931 4422 1149 4524 astionem
1181 4455 1361 4560 quoque
1392 4423 1654 4548 oratoriam,
1687 4419 1865 4564 gestum
1897 4425 1949 4532 δι

581 4657 760 4734 motum
795 4628 931 4734 totius
975 4634 1199 4770 corporis,
1241 4633 1376 4769 qualis
1426 4635 1473 4738 in
1510 4634 1691 4742 nemine
1731 4671 1948 4778 umquem

1245 4837 1293 4950 C
1324 4871 1354 4950 2
1848 4842 1948 4965 fue,
