5312 6626
698 741 816 866 aa
946 661 1920 860 o.WrauaNancH

744 1113 752 1126 ·
792 1051 945 1188 Atque
968 1051 1068 1152 Vos
1094 1047 1190 1182 jam
1226 1045 1468 1181 intelligere
1502 1045 1704 1168 arbitror,
1743 1047 2117 1178 AuditoreaHu-
2209 1182 2217 1204 ,Ι

726 1258 1008 1384 manissimi‚
1054 1257 1154 1362 illud
1185 1259 1303 1396 quod
1336 1253 1652 1358 ostendendum
1693 1258 1803 1360 mihi
1846 1257 2078 1366 semlerum
2090 1311 2114 1386 ,³

728 1495 837 1580 vere
867 1473 1120 1606 appellatam
1151 1469 1243 1570 esse
1274 1505 1298 1569 a
1328 1467 1551 1571 Cicerone
1588 1471 1936 1606 Philosophiam,
1964 1475 2111 1578 lauda-

615 1809 619 1819 ,
727 1679 869 1786 tarum
906 1684 1064 1782 artium
1100 1681 1303 1781 omnium
1338 1679 1674 1813 procreatricem
1704 1707 1836 1815 atque
1866 1713 2114 1816 parentem.
2157 1743 2163 1754 ·

729 1899 1017 2033 Quamquam
1040 1925 1187 2030 neque
1215 1893 1272 1992 de
1294 1889 1502 1991 omnibus
1531 1889 1690 1990 artibus
1724 1892 1846 1993 dixit
1875 1927 2025 2029 neque
2053 1893 2113 1996 de

728 2108 912 2242 paucio,
967 2139 1081 2240 quae
1121 2129 1500 2201 commemoratae
1532 2100 1658 2221 sunt,
1682 2173 1687 2186 .
1710 2105 1863 2204 omnia
1904 2106 2112 2240 exposui:

730 2316 850 2452 quod
876 2311 1056 2448 quidem
1086 2305 1311 2410 infinitum
1340 2307 1419 2426 su,
1453 2341 1544 2406 noa
1570 2308 1710 2408 modo
1729 2313 1987 2445 percensere
2011 2349 2110 2416 ora-

732 2526 879 2645 tione,
915 2522 987 2625 sed
1018 2553 1268 2656 percurrere
1297 2519 1582 2659 cogitatione.
1756 2587 1761 2600 ·

798 2733 911 2858 Quo
931 2734 1071 2880 magis
1097 2734 1256 2830 timere
1278 2729 1464 2864 incipio,
1495 2728 1660 2830 Patriae
1683 2727 1858 2853 Patres,
1875 2734 2113 2870 quomodo

735 2943 941 3064 muneri,
986 2941 1106 3078 quod
1144 2939 1192 3068 in
1237 2971 1314 3036 me
1353 2938 1631 3060 contulistis,
1681 2937 1871 3043 serundo
1901 2973 1978 3076 par
2012 2941 2110 3046 srm.

731 3155 934 3258 Oliaros
964 3152 1039 3252 hic
1068 3183 1203 3249 annrra
1227 3177 1294 3248 eat
1314 3181 1421 3249 cum
1451 3148 1928 3292 inRemoustrantium
1947 3151 2110 3254 Schola
2295 3285 2298 3294 .

731 3361 1034 3497 Philosophiae
1060 3358 1329 3492 disciplinam
1367 3357 1555 3494 suscepi:
1590 3361 1891 3498 occidantque
1907 3397 1970 3464 ea
1998 3364 2108 3466 mihi

731 3573 961 3712 provincia
982 3603 1088 3670 cum
1107 3561 1374 3688 honorifica,
1406 3596 1585 3704 propter
1602 3569 1694 3702 ejus
1709 3570 1897 3672 Scirolae
1915 3572 2109 3696 samam,

731 3811 833 3886 tum
854 3780 1073 3916 jucunda,
1099 3807 1279 3914 pmptcr
1312 3776 1446 3913 ipsam
1470 3778 1659 3880 docendi
1678 3781 1984 3916 voluptatem,
2020 3819 2110 3922 qua

644 4059 654 4075 ·
733 3989 1070 4095 humanissrmua
1107 3989 1292 4125 quisque
1333 3990 1527 4090 maxime
1555 3989 1738 4090 ducitur.
1806 3988 1943 4090 Nunc
1976 3993 2110 4116 Vos,

733 4204 902 4306 Patriae
921 4203 1094 4322 Patres,
1120 4233 1259 4339 quum
1287 4229 1387 4336 poat
1418 4197 1765 4323 llemsterhusri,
1792 4201 1962 4316 ysrtmmi
1987 4207 2107 4326 viri,

697 4547 707 4567 ,ι
729 4416 994 4536 decessum,
1047 4414 1187 4547 longo
1233 4411 1461 4516 intervallo
1508 4412 1695 4514 eandem
1739 4413 2012 4554 disciplinam
2060 4417 2151 4526 in.

735 4623 946 4730 Vestrum
969 4623 1253 4727 Athenaeum
1281 4623 1626 4746 revocaveritis,
1663 4625 1795 4762 eique
1829 4661 1909 4731 me
1934 4623 2107 4766 ptaeb

2031 4869 2106 4938 ω.
