5312 6626
919 691 1982 862 0·RAT10.·5

600 1040 783 1133 meum,
802 971 918 1116 duae
946 1009 991 1111 in
1020 1009 1172 1147 primis
1196 1003 1406 1112 fuerunt:
1440 1006 1598 1132 altera,
1627 1007 1867 1116 constantia
1885 1015 1978 1124 dili·

596 1221 839 1359 gentiaque
866 1221 913 1322 in
947 1216 1256 1358 persequendis
1287 1216 1528 1319 laboribus:
1562 1219 1722 1342 altera,
1755 1227 1872 1327 reite
1905 1221 1976 1330 fa·

595 1431 765 1530 iturum
785 1431 1061 1534 conscientia.
1109 1429 1233 1532 Nam
1262 1461 1368 1530 cum
1394 1428 1448 1529 ab
1469 1430 1650 1534 ineunte
1671 1459 1812 1532 aetate
1830 1433 1970 1538 incre·

593 1635 712 1738 dibili
731 1636 935 1744 scientiae
965 1637 1165 1743 incenfius
1188 1637 1329 1738 essem
1356 1669 1537 1758 amore,
1571 1641 1779 1776 idemque
1811 1645 1967 1746 intelli⁴

590 1877 748 1984 genem
769 1853 934 1954 nonita
954 1849 1176 1953 liberalem
1192 1845 1238 1947 se
1256 1846 1366 1948 mihi
1385 1841 1639 1981 praestitisse
1661 1877 1880 1972 naturam,
1898 1881 1962 1976 ut,

586 2058 904 2193 quodquidam
929 2063 1134 2195 pusfiunt,
1156 2085 1229 2158 aut
1251 2056 1377 2187 posste
1397 2053 1439 2156 se
1456 2083 1636 2189 putant,
1663 2053 1754 2161 solo
1774 2060 1962 2196 ingenio

583 2263 808 2384 scientiam
827 2265 1005 2400 assequi
1036 2258 1244 2398 possein}
1277 2258 1427 2381 statui,
1469 2294 1560 2399 quo
1576 2397 1581 2410 Ι
1595 2235 1740 2368 minus
1775 2269 1959 2404 ingenio

582 2477 806 2602 valerem,
844 2509 905 2578 eo
936 2473 1082 2614 magis
1121 2473 1305 2596 labore,
1341 2504 1480 2591 cura,
1521 2472 1703 2609 vigiliis,
1739 2477 1955 2580 asfiduita·

580 2719 657 2808 te,
702 2689 783 2790 niti
824 2713 956 2824 atque
989 2682 1270 2786 contendere
1357 2680 1507 2825 Itaque
1546 2651 1746 2787 scientiae
1772 2686 1954 2824 quidem

576 2897 735 3036 aliquid
767 2892 980 2997 assecutus
1014 2889 1142 2993 sum:
1176 2891 1321 3026 quod,
1343 2923 1553 3030 quantum
1578 2895 1649 2993 alii
1677 2894 1950 3022 existiment,

575 3103 758 3230 nescio,
803 3101 913 3207 mihi
955 3126 1075 3202 certe
1118 3099 1333 3234 exiguum
1375 3101 1559 3248 videtui.
1650 3105 1793 3232 Quod
1840 3141 1950 3209 vero
1994 3115 1996 3120 ’

572 3320 820 3423 maximum
853 3343 945 3434 est,
981 3342 1039 3410 ex
1064 3307 1263 3412 laborum
1290 3308 1552 3418 conscientia
1593 3311 1783 3417 ninum
1810 3315 1947 3422 inlati

571 3531 670 3663 cepi
700 3561 832 3644 eutn,
864 3550 916 3626 ut
942 3545 1060 3620 cette
1090 3551 1164 3618 me
1193 3515 1442 3620 sustentaret
1462 3523 1584 3660 spes,
1611 3523 1710 3623 fore
1734 3553 1810 3646 ut,
1832 3509 1947 3628 steti

567 3771 631 3840 eu
650 3733 793 3839 studio
827 3729 887 3832 nil
915 3727 1215 3851 remitterem,
1252 3731 1393 3870 magis
1415 3733 1642 3872 magisque
1672 3733 1717 3833 in
1746 3734 1839 3834 dies
1859 3769 1943 3836 vo·

566 3975 716 4050 totum
750 3974 955 4044 meorum
997 3944 1210 4078 particeps
1244 3935 1420 4044 fierem.
1505 3941 1633 4044 Haec
1676 3942 1808 4081 igitur
1844 3943 1941 4081 spes

563 4153 914 4288 conscientiaque
948 4184 1053 4255 cum
1082 4151 1279 4271 efficiat,
1313 4178 1362 4251 ut
1391 4177 1559 4252 tantum
1584 4154 1692 4254 mihi
1714 4187 1827 4253 onus
1851 4157 1935 4258 im·

562 4365 669 4504 poni
698 4363 869 4498 patiar,
903 4359 1029 4464 &ut
1059 4395 1187 4466 mens
1216 4393 1316 4464 mea
1346 4388 1437 4462 totu
1465 4363 1593 4463 unice
1631 4360 1683 4462 sn
1718 4393 1934 4500 occupata

560 4577 607 4678 in
629 4571 721 4706 ejus¹
743 4573 935 4676 muneris
958 4574 1173 4710 gravitate
1192 4572 1536 4704 commentanda
1543 4610 1561 4708 3
1595 4571 1721 4696 date,
1741 4571 1928 4714 quaeso,

988 4749 993 4758 ⁵
1218 4785 1267 4882 A
1305 4812 1330 4906 3
1816 4783 1928 4888 mihi
